@inproceedings{cousot,
	author = {Cousot, Patrick and Cousot, Radhia},
	editor = {editor},
	title = {Abstract interpretation: a unified lattice model for static analysis of programs by construction or approximation of fixpoints},
	booktitle = {Proceedings of the 4th ACM SIGACT-SIGPLAN symposium on Principles of programming languages},
	pages={238--252},
	year={1977},
	organization={ACM}
}


@mastersthesis {madelin,
	title = "Automated Generation of Data
	Quality Checks",
	author = "Madelin Schumacher",
	school = "ETH Zurich",
	year = "2018"
	
}

@article{blei2017science,
	title={Science and data science},
	author={Blei, David M and Smyth, Padhraic},
	journal={Proceedings of the National Academy of Sciences},
	volume={114},
	number={33},
	pages={8689--8692},
	year={2017},
	publisher={National Acad Sciences}
}

@online{kaggle,
	author = "",
	title     = "Kaggle: The State of Data Science and Machine Learning",
	year = "2017"
	url       = "https://www.kaggle.com/surveys/2017"
}
@misc{lyra,
	author = "",
	title     = "Lyra project",
	year = ""
	howpublished       = "\url{http://www.pm.inf.ethz.ch/research/lyra.html"
}
@misc{Lyra,
author = {{}},
title = {{Lyra project}},
url = {http://www.pm.inf.ethz.ch/research/lyra.html}
}

 @Article{dirty-data,
 	author="Kim, Won
 	and Choi, Byoung-Ju
 	and Hong, Eui-Kyeong
 	and Kim, Soo-Kyung
 	and Lee, Doheon",
 	title="A Taxonomy of Dirty Data",
 	journal="Data Mining and Knowledge Discovery",
 	year="2003",
 	month="Jan",
 	day="01",
 	volume="7",
 	number="1",
 	pages="81--99",
 	issn="1573-756X",
 	doi="10.1023/A:1021564703268",
 	url="https://doi.org/10.1023/A:1021564703268"
 }

@article{octagon,
	title={The octagon abstract domain},
	author={Min{\'e}, Antoine},
	journal={Higher-order and symbolic computation},
	volume={19},
	number={1},
	pages={31--100},
	year={2006},
	publisher={Springer}
}

@InProceedings{character,
	author="Costantini, Giulia
	and Ferrara, Pietro
	and Cortesi, Agostino",
	editor="Qin, Shengchao
	and Qiu, Zongyan",
	title="Static Analysis of String Values",
	booktitle="Formal Methods and Software Engineering",
	year="2011",
	publisher="Springer Berlin Heidelberg",
	address="Berlin, Heidelberg",
	pages="505--521",
	abstract="In this paper we propose a unifying approach for the static analysis of string values based on abstract interpretation, and we present several abstract domains that track different types of information. In this way, the analysis can be tuned at different levels of precision and efficiency, and it can address specific properties.",
	isbn="978-3-642-24559-6"
}

@article{tutorial,
	title={Tutorial on Static Inference of Numeric Invariants by Abstract Interpretation},
	author={Min{\'e}, Antoine and others},
	journal={Foundations and Trends{\textregistered} in Programming Languages},
	volume={4},
	number={3-4},
	pages={120--372},
	year={2017},
	publisher={Now Publishers, Inc.}
}
@article{singh,
	title={A practical construction for decomposing numerical abstract domains},
	author={Singh, Gagandeep and P{\"u}schel, Markus and Vechev, Martin},
	journal={Proceedings of the ACM on Programming Languages},
	volume={2},
	number={POPL},
	pages={55},
	year={2017},
	publisher={ACM}
}
